@ONLINE{ref1,
	author = {IVARS PETERSON},
	year = {2015},
	title = {Riding on Square Wheels},
	howpublished = {\url{https://www.sciencenews.org/article/riding-square-wheels}}
}
@ONLINE{ref2,
	author = {Freyman Art},
	year = {2013},
	title = {Square Wheeled Bicycle on a Catenary Curve},
	howpublished = {\url{https://www.youtube.com/watch?v=0BtZcmEkFsI}}
}
